% Elegant Notebook - Sample References File
% Add your own references below following the same format

@book{Lamport1994,
  author    = {Lamport, Leslie},
  title     = {\LaTeX: A Document Preparation System},
  publisher = {Addison-Wesley},
  year      = {1994},
  edition   = {2nd},
  address   = {Reading, Massachusetts}
}

@article{Smith2020,
  author  = {Smith, John and Johnson, Sarah},
  title   = {Recent Advances in Document Preparation Systems},
  journal = {Journal of Documentation},
  year    = {2020},
  volume  = {76},
  number  = {3},
  pages   = {710--725},
  doi     = {10.1000/example.doi}
}

@inproceedings{Brown2019,
  author    = {Brown, Michael and Williams, Emma},
  title     = {The Evolution of Typography in Digital Media},
  booktitle = {Proceedings of the International Conference on Digital Design},
  year      = {2019},
  pages     = {125--138},
  address   = {London, UK}
}

@online{WebResource,
  author  = {Thompson, Robert},
  title   = {Best Practices for Academic Writing},
  year    = {2022},
  url     = {https://example.com/best-practices},
  urldate = {2023-07-15}
}

@phdthesis{Garcia2018,
  author  = {Garcia, Maria},
  title   = {Typographical Elements in Scientific Communication},
  school  = {University of Cambridge},
  year    = {2018},
  address = {Cambridge, UK}
} 